@inproceedings{schwarte2011fedx,
  title={Fedx: Optimization techniques for federated query processing on linked data},
  author={Schwarte, Andreas and Haase, Peter and Hose, Katja and Schenkel, Ralf and Schmidt, Michael},
  booktitle={International Semantic Web Conference},
  pages={601--616},
  year={2011},
  organization={Springer}
}

@inproceedings{acosta2011anapsid,
  title={ANAPSID: an adaptive query processing engine for SPARQL endpoints},
  author={Acosta, Maribel and Vidal, Maria-Esther and Lampo, Tomas and Castillo, Julio and Ruckhaus, Edna},
  booktitle={International Semantic Web Conference},
  pages={18--34},
  year={2011},
  organization={Springer}
}

@article{montoya2014fedra,
  title={Fedra: Query Processing for SPARQL Federations with Divergence},
  author={Montoya, Gabriela and Skaf-Molli, Hala and Molli, Pascal and Vidal, Maria-Esther},
  journal={arXiv preprint arXiv:1407.2899},
  year={2014}
}

@book{ozsu2011principles,
  title={Principles of distributed database systems},
  author={{\"O}zsu, M Tamer and Valduriez, Patrick},
  year={2011},
  publisher={Springer Science \& Business Media}
}
